@article{crenshaw1991mapping,
  title={Mapping the margins: Intersectionality, identity politics, and violence against women of color},
  author={Crenshaw, Kimberl{\'e}},
  journal={Stanford Law Review},
  volume={43},
  number={6},
  pages={1241--1299},
  year={1991}
}

@article{collins2015intersectionality,
  title={Intersectionality's definitional dilemmas},
  author={Collins, Patricia Hill},
  journal={Annual Review of Sociology},
  volume={41},
  pages={1--20},
  year={2015}
}

@article{moser2007climate,
  title={Climate change and adaptation success: the role of formal and informal forms of governance},
  author={Moser, Susanne C and Boykoff, Maxwell T},
  journal={Global Environmental Change},
  volume={17},
  number={3-4},
  pages={287--299},
  year={2007},
  publisher={Elsevier}
}

@article{pahl2008adaptive,
  title={Adaptive and integrated management of water resources},
  author={Pahl-Wostl, Claudia and other authors},
  journal={Environmental Modelling \& Software},
  volume={23},
  number={7},
  pages={739--751},
  year={2008},
  publisher={Elsevier}
}

@article{reed2008stakeholder,
  title={Stakeholder participation for environmental management: A literature review},
  author={Reed, Mark S},
  journal={Biological conservation},
  volume={141},
  number={10},
  pages={2417--2431},
  year={2008},
  publisher={Elsevier}
}

@article{few2007public,
  title={Public participation and climate change adaptation: avoiding the illusion of inclusion},
  author={Few, Roger and Brown, Katrina and Tompkins, Emma L},
  journal={Climate Policy},
  volume={7},
  number={1},
  pages={46--59},
  year={2007},
  publisher={Taylor \& Francis}
}

@book{sayers2013flood,
  title={Flood risk management: a strategic approach},
  author={Sayers, Paul B and other authors},
  year={2013},
  publisher={UNESCO}
}

@article{thaler2014partnership,
  title={Partnership funding in flood risk management: new localism debate and policy in England},
  author={Thaler, Thomas and Priest, Michael FH},
  journal={Area},
  volume={46},
  number={4},
  pages={418--425},
  year={2014},
  publisher={Wiley Online Library}
}

@article{mees2016exploring,
  title={Exploring the conditions that support community flood risk management},
  author={Mees, H. L. P and other authors},
  journal={Environmental Science \& Policy},
  volume={62},
  pages={34--44},
  year={2016},
  publisher={Elsevier}
}

@article{dawson2007blueprint,
  title={A blueprint for the integrated assessment of climate change in cities},
  author={Dawson, Richard J and other authors},
  journal={Tyndall Centre for Climate Change Research},
  year={2007}
}

@article{nicholls2002future,
  title={Future trends in coastal storm impacts},
  author={Nicholls, Robert J and Capobianco, Anny Roupeiro},
  journal={Coastal Engineering},
  volume={45},
  number={3-4},
  pages={169--179},
  year={2002},
  publisher={Elsevier}
}

@article{turner1996pressures,
  title={Pressures, trends, and impacts in coastal zones: Interactions between socio-economic and natural systems},
  author={Turner, R. Kerry and Subak, Stuart and Adger, W. Neil},
  journal={Environmental Management},
  volume={20},
  number={2},
  pages={159--173},
  year={1996},
  publisher={Springer}
}


@article{heijne2013effective,
  title={Effective and inclusive decision-making and governance: the example of Steiner schools},
  author={Heijne, Saskia and Buck, John},
  journal={Social Sciences Directory},
  volume={2},
  number={5},
  year={2013},
  publisher={Social Sciences Directory Limited}
}
