@article{bearne2023,
  author = {Bearne, S.},
  year = {2023},
  title = {We want to let people know before floods hit them},
  journal = {BBC},
  note = {Retrieved on May 12th 2024, from: https://www.bbc.com/news/business-67748255}
}

@article{bosoni2023,
  author = {Bosoni, M. and Tempels, B. and Hartmann, T.},
  year = {2023},
  title = {Understanding integration within the Dutch multi-layer safety approach to flood risk management},
  journal = {International Journal of River Basin Management},
  volume = {21},
  number = {1},
  pages = {81-87}
}

@article{buijs2018,
  author = {Buijs, J. and Boelens, L. and Bormann, H.},
  year = {2018},
  title = {Adaptive planning for flood resilient areas: dealing with complexity in decision-making about multilayered flood risk management},
  note = {}
}

@article{clarke2019,
  author = {Clarke, R.A.},
  year = {2019},
  title = {Principles and business processes for responsible AI},
  journal = {Comput. Law Secur. Rev.},
  volume = {35},
  pages = {410-422}
}

@article{haasnoot2020,
  author = {Haasnoot, M. and Kwadijk, J. and Van Alphen, J. and Le Bars, D. and Van Den Hurk, B. and Diermanse, F. and Mens, M.},
  year = {2020},
  title = {Adaptation to uncertain sea-level rise; how uncertainty in Antarctic mass-loss impacts the coastal adaptation strategy of the Netherlands},
  journal = {Environmental research letters},
  volume = {15},
  number = {3},
  pages = {034007}
}

@article{husby2013,
  author = {Husby, T. and de Groot, H. L. and Hofkes, M. W. and Dr\"oes, M. I.},
  year = {2013},
  title = {The Great North Sea Flood of 1953, The Deltaworks and the spatial distribution of people},
  note = {}
}

@article{jain2023,
  author = {Jain, H. and Dhupper, R. and Shrivastava, A. and Kumar, D. and Kumari, M.},
  year = {2023},
  title = {AI-enabled strategies for climate change adaptation: protecting communities, infrastructure, and businesses from the impacts of climate change},
  journal = {Computational Urban Science},
  volume = {3},
  number = {1},
  pages = {25}
}

@article{lai2020,
  author = {La\"i, M.C. and Brian, M. and Mamzer, M.F.},
  year = {2020},
  title = {Perceptions of artificial intelligence in healthcare: findings from a qualitative survey study among actors in France},
  journal = {J Transl Med},
  volume = {18},
  number = {14},
  doi = {10.1186/s12967-019-02204-y},
  url = {https://doi.org/10.1186/s12967-019-02204-y}
}

@article{ryan2020,
  author = {Ryan, M. and Stahl, B.},
  year = {2020},
  title = {Artificial intelligence ethics guidelines for developers and users: clarifying their content and normative implications},
  journal = {Journal of Information, Communication and Ethics in Society},
  note = {ahead-of-print},
  doi = {10.1108/JICES-12-2019-0138}
}

@article{matias2024,
  author = {Matias, Y.},
  year = {2024},
  title = {How we are using AI for reliable flood forecasting at a global scale},
  journal = {The Keyword},
  note = {Retrieved on May 12th 2024, from: https://blog.google/technology/ai/google-ai-global-flood-forecasting/#:~:text=AI%20helps%20provide%20more%20accurate,time%20forecasts%20to%20vulnerable%20communities}
}

@inproceedings{lee2019,
  author = {Min Kyung Lee and Daniel Kusbit and Anson Kahng and Ji Tae Kim and Xinran Yuan and Allissa Chan and Daniel See and Ritesh Noothigattu and Siheon Lee and Alexandros Psomas and Ariel D. Procaccia},
  year = {2019},
  title = {WeBuildAI: Participatory Framework for Algorithmic Governance},
  booktitle = {Proc. ACM Hum.-Comput. Interact.},
  number = {3},
  pages = {Article 181},
  doi = {10.1145/3359283},
  note = {November 2019, 35 pages}
}

@article{montes2018,
  author = {Montes, G. and Goertzel, B.},
  year = {2018},
  title = {Distributed, decentralized, and democratized artificial intelligence},
  journal = {Technological Forecasting and Social Change},
  volume = {141},
  doi = {10.1016/j.techfore.2018.11.010}
}

@book{nicholls2007,
  author = {Nicholls, R. J. and others},
  year = {2007},
  title = {IPCC Climate Change 2007: Impacts, Adaptation and Vulnerability},
  editor = {Parry, M. L. and Canziani, O. F. and Palutikof, J. P. and van der Linden, P. J. and Hanson, C. E.},
  pages = {315-356},
  publisher = {Cambridge Univ. Press}
}

@article{philip2020,
  author = {Philip, S. Y. and Kew, S. F. and Van Der Wiel, K. and Wanders, N. and Van Oldenborgh, G. J.},
  year = {2020},
  title = {Regional differentiation in climate change induced drought trends in the Netherlands},
  journal = {Environmental Research Letters},
  volume = {15},
  number = {9},
  pages = {094081}
}

@article{punt2023,
  author = {Punt, E. and Monstadt, J. and Frank, S. and Witte, P.},
  year = {2023},
  title = {Beyond the dikes: an institutional perspective on governing flood resilience at the Port of Rotterdam},
  journal = {Maritime Economics & Logistics},
  volume = {25},
  number = {2},
  pages = {230-248}
}

@article{samadi2024,
  author = {Samadi, V. and Stephens, K. and Hughes, A. and Murray-Tuite, P.},
  year = {2024},
  title = {Challenges and Opportunities When Bringing Machines onto the Team: Human-AI Teaming and Flood Evacuation Decisions},
  journal = {Environmental Modelling & Software},
  doi = {10.1016/j.envsoft.2024.105976}
}

@article{saravi2019,
  author = {Saravi, S. and Kalawsky, R. and Joannou, D. and Rivas Casado, M. and Fu, G. and Meng, F.},
  year = {2019},
  title = {Use of artificial intelligence to improve resilience and preparedness against adverse flood events},
  journal = {Water},
  volume = {11},
  number = {5},
  pages = {973}
}

@article{strijker2023,
  author = {Strijker, B. and Asselman, N. and de Jong, J. and Barneveld, H.},
  year = {2023},
  title = {The 2021 flood event in the Dutch Meuse and tributaries from a hydraulic and morphological perspective},
  journal = {Journal of Coastal and Riverine Flood Risk},
  volume = {2},
  pages = {6}
}

@book{stuurgroep2018,
  author = {Stuurgroep Water},
  year = {2018},
  title = {Overstromingsrisico's in Nederland},
  publisher = {Ministry of Infastructure and Water},
  note = {Retrieved on May 12th 2024, from: https://search.app.goo.gl/LKUYWYL}
}

@article{tallberg2024,
  author = {Tallberg, J. and Lundgren, M. and Geith, J.},
  year = {2024},
  title = {AI regulation in the European Union: examining non-state actor preferences},
  journal = {Business and Politics},
  volume = {26},
  number = {2},
  pages = {218-239},
  doi = {10.1017/bap.2023.36}
}

@misc{terpstra2020,
  author = {Terpstra, T. and Buijs, J.},
  year = {2020},
  title = {EEN DREIGENDE OVERSTROMING IN ZEELAND, THUISBLIJVEN OF WEGGAAN?},
  note = {Retrieved on May 12th 2024, from: https://kenniscentrumtoerisme.nl/images/0/06/FRAMES_Draagvlak_Evacuatie_HZ_Definitief.pdf}
}

@article{truby2020,
  author = {Truby, J.},
  year = {2020},
  title = {Governing Artificial Intelligence to benefit the UN Sustainable Development Goals},
  journal = {Sustainable Development},
  volume = {28},
  pages = {946-959},
  doi = {10.1002/sd.2048}
}

@book{vanbeukering2022,
  author = {Van Beukering, P. and Van Oosterhout, L. and Schep, S. and Duinmeijer, C. and Dullaart, J. and Koks, E. and Tiggelover, T. and Van Manen, S. and Buijs, S. and De Boer, M. and Van der Knaap, M. and Baertz, An. and Ouwersloot, B.},
  year = {2022},
  title = {The impacts of climate change},
  publisher = {IVM Institute for Environmental Studies}
}
