@misc{kaggle,
author = {{AHMAD BHAT}, MYSAR},
title = {{Airline Passenger Satisfaction}},
url = {https://www.kaggle.com/datasets/mysarahmadbhat/airline-passenger-satisfaction/},
urldate = {2024-04-02},
year = {2022}
}
