@article{globalnews2023,
  title = {Alan Cross: How does the secondary market for concert tickets work?},
  author = {Alan Cross},
  journal = {Global News},
  url = {https://globalnews.ca/news/3986670/concert-tickets-secondary-market/},
  year = {2018},
  month = {January},
  day = {26},
  note = {\url{https://globalnews.ca/news/3986670/concert-tickets-secondary-market/}}
}

@article{frackiewicz2023,
  title = {Blockchain and Digital Concert Ticketing: A Match Made in Music Heaven},
  author = {Marcin FrÄ…ckiewicz},
  journal = {TS2 Space},
  url = {https://ts2.space/blockchain-and-digital-concert-ticketing-a-match-made-in-music-heaven/},
  year = {2023},
  month = {July},
  day = {13},
  note = {\url{https://ts2.space/blockchain-and-digital-concert-ticketing-a-match-made-in-music-heaven/}}
}


@misc{pwc2023,
  title = {Blockchain in music},
  author = {PwC Netherlands},
  journal = {Entertainment & Media Outlook for the Netherlands 2019-2023},
  howpublished = {\url{https://www.pwc.nl/en/industries/entertainment-media/entertainment-and-media-outlook-for-the-netherlands/blockchain-in-music.html}},
  year = {2019}
}


@article{doeland2023,
  title = {Hardwell: first DJ who puts his music in the blockchain},
  author = {Denis Doeland},
  journal = {LinkedIn},
  url = {https://www.linkedin.com/pulse/hardwell-first-dj-puts-his-music-blockchain-denis-doeland/},
  year = {2016},
  month = {October},
  day = {17},
  note  = {\url{https://www.linkedin.com/pulse/hardwell-first-dj-puts-his-music-blockchain-denis-doeland/}}
}

@article{techtarget2023,
  title = {FTX scam explained: Everything you need to know},
  author = {Amanda Hetler},
  journal = {TechTarget},
  url = {https://www.techtarget.com/whatis/feature/FTX-scam-explained-Everything-you-need-to-know},
  year = {2023},
  month = {January},
  day = {10},
  note = {\url{https://www.techtarget.com/whatis/feature/FTX-scam-explained-Everything-you-need-to-know}}
}

@article{spagnoletti2021online,
  title={Online black-markets: An investigation of a digital infrastructure in the dark},
  author={Spagnoletti, Paolo and Ceci, Federica and Bygstad, Bendik},
  journal={Information Systems Frontiers},
  pages={1--16},
  year={2021},
  publisher={Springer}
}
