@article{decremer2023,
  title={How Generative AI Will Impact the Future of Content Creation},
  author={De Cremer, David and Morini Bianzino, Nicola and Falk, Ben},
  journal={Harvard Business Review},
  year={2023},
  url={https://hbr.org/2023/04/how-generative-ai-will-impact-the-future-of-content-creation}
}

@article{anewstudy,
  title={How generative AI can boost highly skilled workersâ€™ productivity},
  author={Meredith Somers},
  journal={MIT SLOAN SCHOOL OF MANAGEMENT},
  year={2023},
  url={https://mitsloan.mit.edu/ideas-made-to-matter/how-generative-ai-can-boost-highly-skilled-workers-productivity}
}

@misc{webpage,
  title = {Fostering continuous innovation and creativity with generative AI},
  url = {https://workspace.google.com/blog/ai-and-machine-learning/innovation-and-creativity-generative-ai},
  note = {Accessed: 2023-12-11}
}